@article{Otsu1979,
	Added-at = {2010-11-26T17:22:24.000+0100},
	Biburl = {http://www.bibsonomy.org/bibtex/2f29e34c187c486d74a0e7d8330c3af78/lysander07},
	Booktitle = {N/A},
	Citeulike-article-id = {2917492},
	Citeulike-linkout-0 = {http://dx.doi.org/10.1109/TSMC.1979.4310076},
	Citeulike-linkout-1 = {http://ieeexplore.ieee.org/xpls/abs_all.jsp?arnumber=4310076},
	Description = {CiteULike: A Threshold Selection Method from Gray-Level Histograms},
	Interhash = {dfc0090899e03f4462da2a2522dee640},
	Intrahash = {f29e34c187c486d74a0e7d8330c3af78},
	Keywords = {analysis image},
	Posted-at = {2009-02-01 09:40:51},
	Priority = {0},
	Timestamp = {2010-11-26T17:22:24.000+0100},
	Url = {http://dx.doi.org/10.1109/TSMC.1979.4310076},
	author = {Otsu, Nobuyuki},
	title = {A Threshold Selection Method from Gray-Level Histograms},
	journal = {IEEE Transactions on Systems, Man and Cybernetics},
	volume = {9},
	number = {1},
	pages = {62-66},
	year = {1979},
	doi = {10.1109/TSMC.1979.4310076},
	tags = "na proposta"
}
@inproceedings{FreundSchapire1995,
	Acmid = {712093},
	address = {London, UK, UK},
	booktitle = {Proceedings of the Second European Conference on Computational Learning Theory},
	Isbn = {3-540-59119-2},
	Numpages = {15},
	publisher = {Springer-Verlag},
	Series = {EuroCOLT {'}95},
	Url = {http://dl.acm.org/citation.cfm?id=646943.712093},
	author = {Freund, Yoav and Schapire, Robert E.},
	title = {A decision-theoretic generalization of on-line learning and an application to boosting},
	pages = {23-37},
	year = {1995},
	tags = "pasta-geral, na proposta"
}
@misc{opencvsite,
  title = {{OpenCV}},
  howpublished = "\url{http://opencv.org/}",
  note = "Página na internet. última visita em 2 de julho de 2013."
}
